@Book{percent,
	author    = {Раков, Д. Л.},
	publisher = {Институт машиноведения им. А.А. Благонравова РАН},
	title     = {Морфологический анализ и синтез невозможных объектов},
	year      = {2014}
}

@Book{spheres,
	author    = {Констандогло, А. В.},
	publisher = {МГТУ им. Н.Э. Баумана},
	title     = {Методы восстановления расфокусированных и смазанных изображений},
	year      = {2020}
}

@Book{damage,
	author    = {Малыхина, Г. Ф. and Меркушева, А. В.},
	title     = {Сеть с симметричной функцией преобразования нейронов для подавления искажений и восстановления изображений},
	publisher = {Журнал <<Научное приборостроение>>},
	year      =	{2008},
}

@Book{gonsales,
	author    = {Гонсалес, Р. and Вудс, Р.},
	title     = {Цифровая обработка изображений},
	publisher = {Издательство <<Техносфера>>},
	year      = {2012},
}

@Book{defocus_model,
	author    = {Набиев, М. А.},
	title     = {Восстановление размытых изображений},
	publisher = {Тезисы конференции <<Ломоносов>>},
	year      = {2018},
}

@Book{noise_reasons,
	author    = {Липляпин, А. Ю. and Хижняк, А.В. and Михненок, Е.И. and Мамченко, А.С},
	title     = {Анализ методов восстановления оптико-электронных изображений, смазанных при движении},
	publisher = {Военная академия республики Беларусь},
	year      = {2018},
}

@Book{gost,
	title     = {Фотоаппараты и съемочные фотографические объективы},
	publisher = {Государственный стандарт союза ССР},
	year      = {1983},
}

@Book{graphic,
	author    = {Шемплинер, В. В.},
	title     = {Восстановление дефокусированных изображений методом двумерного преобразования Фурье и регуляризации Тихонова},
	publisher = {Научно-технический вестник информационных технологий, механики и оптики},
	year      = {2008},
}

@Book{teorema,
	author    = {Чурсин, М. А.},
	title     = {Восстановление расфокусированных и смазанных изображений},
	publisher = {Омский государственный технический университет},
	year      = {2013},
}

@Book{criteria,
	author    = {Слесарев, Н. С. and Скурнович, А.В.},
	title     = {Повышение качества цифровых изображений, искаженных в процессе фотосъемки},
	publisher = {Новые информационные технологии в автоматизированных системах},
	year      = {2018},
}

@Book{viner,
	author    = {Скурко, И. А.},
	title     = {Восстановление искаженных изображений в технических системах обработки информации},
	publisher = {Белорусский государственный университет информатики и радиоэлектроники},
	year      = {2019},
}

@Book{schema2,
	author    = {Сизиков, В. С. and Лавров, А. В.},
	title     = {Устойчивые методы математико-компьютерной обработки изображений и спектров},
	publisher = {Университет ИТМО},
	year      = {2018},
}

@Book{frt,
	author    = {Браславская, О. Б. and Гендрина, И. Ю. and Квач, А. С.},
	title     = {Сравнение двух методов расчета функции размытия точки и оптической передаточной функции},
	publisher = {Известия высших учебных заведений},
	year      = {2013},
}

@Book{lusi,
	author    = {Кислянский, Г. Н. and Нестругина, Е. С.},
	title     = {Восстановление расфокусированных и смазанных изображений},
	publisher = {Вестник ДонНУ. Серия Г: Технические науки},
	year      = {2020},
}

@Book{tihon,
	author    = {Кулакович, А. Ю. and Венцов, Н. Н.},
	title     = {Краткий обзор и программная реализация избранных методов для деконволюции изображения},
	publisher = {Инженерный вестник Дона},
	year      = {2017},
}

@Online{svertka,
	title     = {Сверточные нейронные сети},
	update = {2022-12-06},
	url = {http://neerc.ifmo.ru/wiki/index.php?title=Сверточные_нейронные_сети&mobileaction=toggle_view_mobile}
}